<?xml version="1.0" encoding="UTF-8"?><collection xmlns="http://www.loc.gov/MARC21/slim"><record><leader>00541nam--2200193-u-4500</leader><controlfield tag="001">000052973</controlfield><controlfield tag="002">20161230</controlfield><controlfield tag="005">20161230201050</controlfield><controlfield tag="008">101217s1000------------r-----000-0-rus-d</controlfield><datafield ind1=" " ind2=" " tag="040"><subfield code="a">IFIN-HH</subfield></datafield><datafield ind1=" " ind2=" " tag="041"><subfield code="a">rus</subfield></datafield><datafield ind1=" " ind2=" " tag="080"><subfield code="a">535.215</subfield></datafield><datafield ind1="1" ind2=" " tag="100"><subfield code="a">Nemoskalenko, V.V</subfield></datafield><datafield ind1="1" ind2="0" tag="245"><subfield code="a">Elektronnaia spektroskopia kristallov</subfield><subfield code="b">Izdanie vtore, pererabotannoe i dopolnennoe</subfield><subfield code="c">V.v. nemoskalenko; v.g. alesin</subfield></datafield><datafield ind1=" " ind2=" " tag="260"><subfield code="a">Kiev</subfield><subfield code="b">Naukova Dumka</subfield><subfield code="c">1983</subfield></datafield><datafield ind1=" " ind2=" " tag="300"><subfield code="a">288P</subfield></datafield><datafield ind1="1" ind2=" " tag="700"><subfield code="a">Alesin, V.G</subfield></datafield><datafield ind1=" " ind2=" " tag="852"><subfield code="a">71915</subfield><subfield code="c">535.33</subfield></datafield><datafield ind1=" " ind2=" " tag="CAT"><subfield code="a">Sys</subfield><subfield code="c">20101217</subfield><subfield code="h">093204</subfield></datafield></record></collection>